<record><leader>00000cas a22000007a 4500</leader><controlfield tag="001">10535140</controlfield><controlfield tag="008">840319d18761uuuoruwr ne      0    0eng d</controlfield><datafield ind1=" " ind2=" " tag="010"><subfield code="a">sn 84022676 </subfield></datafield><datafield ind1=" " ind2=" " tag="040"><subfield code="a">NPX</subfield><subfield code="b">eng</subfield><subfield code="c">NPX</subfield><subfield code="d">CNK</subfield><subfield code="d">TGN</subfield><subfield code="d">OCLCQ</subfield><subfield code="d">OCLCO</subfield></datafield><datafield ind1="1" ind2=" " tag="029"><subfield code="a">AU@</subfield><subfield code="b">000026992359</subfield></datafield><datafield ind1=" " ind2=" " tag="042"><subfield code="a">msc</subfield></datafield><datafield ind1=" " ind2=" " tag="043"><subfield code="a">n-us-or</subfield></datafield><datafield ind1="0" ind2=" " tag="130"><subfield code="a">Weekly standard (Portland, Or.)</subfield></datafield><datafield ind1="1" ind2="4" tag="245"><subfield code="a">The Weekly standard.</subfield></datafield><datafield ind1="3" ind2=" " tag="246"><subfield code="a">Semi-weekly standard</subfield></datafield><datafield ind1=" " ind2=" " tag="260"><subfield code="a">Portland, Or. :</subfield><subfield code="b">A. Noltner</subfield></datafield><datafield ind1=" " ind2=" " tag="300"><subfield code="a">v. ;</subfield><subfield code="c">71 cm.</subfield></datafield><datafield ind1=" " ind2=" " tag="310"><subfield code="a">Weekly,</subfield><subfield code="b">Nov. 5, 1880-</subfield></datafield><datafield ind1=" " ind2=" " tag="321"><subfield code="a">Weekly,</subfield><subfield code="b">&lt;Apr. 21, 1876-Dec. 20, 1878&gt;</subfield></datafield><datafield ind1=" " ind2=" " tag="321"><subfield code="a">Semiweekly,</subfield><subfield code="b">&lt;Dec. 31, 1878&gt;-Nov. 2, 1880</subfield></datafield><datafield ind1="1" ind2=" " tag="362"><subfield code="a">Began in 1876.</subfield><subfield code="z">Cf. NIM.</subfield></datafield><datafield ind1=" " ind2=" " tag="500"><subfield code="a">Published on Tuesdays as: Semi-weekly standard, Dec. 31, 1878, Jan. 13-Nov. 2, 1880.</subfield></datafield><datafield ind1=" " ind2=" " tag="500"><subfield code="a">Irregular numbering.</subfield></datafield><datafield ind1=" " ind2=" " tag="500"><subfield code="a">Editor: A. Noltner, &lt;1876&gt;.</subfield></datafield><datafield ind1=" " ind2=" " tag="588"><subfield code="a">Description based on: Vol. 1, no. 15 (Apr. 21, 1876).</subfield></datafield><datafield ind1=" " ind2="0" tag="651"><subfield code="a">Portland</subfield><subfield code="v">Newspapers.</subfield></datafield><datafield ind1=" " ind2="0" tag="651"><subfield code="a">Multnomah County (Or.)</subfield><subfield code="v">Newspapers.</subfield></datafield><datafield ind1="1" ind2=" " tag="700"><subfield code="a">Noltner, Anthony,</subfield><subfield code="d">1839-1907.</subfield></datafield><datafield ind1=" " ind2=" " tag="752"><subfield code="a">United States</subfield><subfield code="b">Oregon</subfield><subfield code="c">Multnomah</subfield><subfield code="d">Portland.</subfield></datafield><datafield ind1="0" ind2=" " tag="775"><subfield code="t">Daily evening standard (Portland, Or.)</subfield><subfield code="w">(DLC)sn 93005167</subfield></datafield><datafield ind1="0" ind2=" " tag="775"><subfield code="t">Daily standard (Portland, Or.)</subfield><subfield code="w">(DLC)sn 85042488</subfield></datafield><datafield ind1="0" ind2=" " tag="775"><subfield code="t">Morning standard (Portland, Or.)</subfield><subfield code="w">(DLC)sn 96061906</subfield></datafield></record>